@inproceedings{ABMN18,
  author       = {Antoine Amarilli and Pierre Bourhis and Stefan Mengel and Matthias Niewerth},
  booktitle    = {22nd International Conference on Database Theory, {ICDT} 2019, March
                  26-28, 2019, Lisbon, Portugal},
  optbibsource = {dblp computer science bibliography, https://dblp.org},
  optbiburl    = {https://dblp.org/rec/bib/conf/icdt/AmarilliBMN19},
  optcrossref  = {DBLP:conf/icdt/2019},
  optdoi       = {10.4230/LIPIcs.ICDT.2019.22},
  opttimestamp = {Tue, 02 Apr 2019 17:11:24 +0200},
  opturl       = {https://doi.org/10.4230/LIPIcs.ICDT.2019.22},
  pages        = {22:1--22:19},
  title        = {Constant-Delay Enumeration for Nondeterministic Document Spanners},
  year         = {2019}
}

@article{aho1975efficient,
  author    = {Aho, Alfred V and Corasick, Margaret J},
  journal   = {Communications of the ACM},
  number    = {6},
  pages     = {333--340},
  publisher = {ACM},
  title     = {Efficient string matching: an aid to bibliographic search},
  volume    = {18},
  year      = {1975}
}


@incollection{Aho90,
  author    = {Alfred V. Aho},
  booktitle = {Handbook of Theoretical Computer Science, Volume {A:} Algorithms and
               Complexity {(A)}},
  pages     = {255--300},
  title     = {Algorithms for Finding Patterns in Strings},
  year      = {1990}
}

@book{AhoHU74,
  author    = {Alfred V. Aho and
               John E. Hopcroft and
               Jeffrey D. Ullman},
  isbn      = {0-201-00029-6},
  publisher = {Addison-Wesley},
  title     = {The Design and Analysis of Computer Algorithms},
  year      = {1974}
}
                  
@book{AHV95,
  author    = {Serge Abiteboul and
               Richard Hull and
               Victor Vianu},
  publisher = {Addison-Wesley},
  title     = {Foundations of Databases},
  year      = {1995}
}

@article{AmarilliBMN-tods21,
  author  = {Antoine Amarilli and
             Pierre Bourhis and
             Stefan Mengel and
             Matthias Niewerth},
  journal = {{ACM} Trans. Database Syst.},
  number  = {1},
  pages   = {2:1--2:30},
  title   = {Constant-Delay Enumeration for Nondeterministic Document Spanners},
  volume  = {46},
  year    = {2021}
}

@inproceedings{AmarilliJMR22,
  author    = {Antoine Amarilli and
               Louis Jachiet and
               Martin Mu{\~{n}}oz and
               Cristian Riveros},
  bibsource = {dblp computer science bibliography, https://dblp.org},
  biburl    = {https://dblp.org/rec/conf/pods/AmarilliJMR22.bib},
  booktitle = {{PODS}},
  pages     = {291--300},
  timestamp = {Wed, 15 Jun 2022 09:05:34 +0200},
  title     = {Efficient Enumeration for Annotated Grammars},
  url       = {https://doi.org/10.1145/3517804.3526232},
  year      = {2022}
}

@article{AMRV16,
  acmid      = {2983204},
  author     = {Arenas, Marcelo and Maturana, Francisco and Riveros, Cristian and Vrgo\v{c}, Domagoj},
  issn       = {2150-8097},
  issue_date = {July 2016},
  journal    = {Proc. VLDB Endow.},
  number     = {11},
  numpages   = {12},
  pages      = {876--887},
  publisher  = {VLDB Endowment},
  title      = {A Framework for Annotating {CSV}-like Data},
  url        = {http://dx.doi.org/10.14778/2983200.2983204},
  volume     = {9},
  year       = {2016}
}

@inproceedings{Bagan:2007,
  author    = {Bagan, Guillaume and Durand, Arnaud and Grandjean, Etienne},
  booktitle = {Proc. of CSL},
  pages     = {208--222},
  title     = {On Acyclic Conjunctive Queries and Constant Delay Enumeration},
  year      = {2007}
}

@inproceedings{bagan2006mso,
  author       = {Bagan, Guillaume},
  booktitle    = {CSL},
  organization = {Springer},
  pages        = {167--181},
  title        = {MSO queries on tree decomposable structures are computable with linear delay},
  volume       = {4207},
  year         = {2006}
}


@article{BerkholzGS-siglog20,
  author  = {Christoph Berkholz and
             Fabian Gerhardt and
             Nicole Schweikardt},
  journal = {{ACM} {SIGLOG} News},
  number  = {1},
  pages   = {4--33},
  title   = {Constant delay enumeration for conjunctive queries: {A} tutorial},
  volume  = {7},
  year    = {2020}
}


@article{bhagwat2005annotation,
  author    = {Bhagwat, Deepavali and Chiticariu, Laura and Tan, Wang-Chiew and Vijayvargiya, Gaurav},
  journal   = {The VLDB Journal},
  number    = {4},
  pages     = {373--396},
  publisher = {Springer},
  title     = {An annotation management system for relational databases},
  volume    = {14},
  year      = {2005}
}



@misc{blast,
  title = {BLAST: Basic Local Alignment Search Tool},
  url   = {https://blast.ncbi.nlm.nih.gov/doc/blast-help/downloadblastdata.html},
  year  = {2022}
}

@misc{BM,
  author       = {{The British Museum}},
  howpublished = {\url{http://bm.rkbexplorer.com}},
  title        = {{British Museum public endpoint}},
  year         = {2015}
}


@misc{boost,
  title = {Boost Regex Library},
  url   = {https://github.com/boostorg/regex},
  year  = {2022}
}

@inproceedings{ChiticariuLR13,
  author    = {Laura Chiticariu and
               Yunyao Li and
               Frederick R. Reiss},
  booktitle = {Proceedings of the 2013 Conference on Empirical Methods in Natural
               Language Processing, {EMNLP} 2013},
  pages     = {827--832},
  title     = {Rule-Based Information Extraction is Dead! Long Live Rule-Based Information
               Extraction Systems!},
  year      = {2013}
}

@inproceedings{CKLRRV10,
  author    = {Laura Chiticariu and
               Rajasekar Krishnamurthy and
               Yunyao Li and
               Sriram Raghavan and
               Frederick Reiss and
               Shivakumar Vaithyanathan},
  booktitle = {{ACL} 2010, Proceedings of the 48th Annual Meeting of the Association
               for Computational Linguistics, July 11-16, 2010, Uppsala, Sweden},
  pages     = {128--137},
  title     = {SystemT: An Algebraic Approach to Declarative Information Extraction},
  year      = {2010}
}


@inproceedings{CM99,
  author    = {Mary Elaine Califf and
               Raymond J. Mooney},
  booktitle = {Proceedings of the Sixteenth National Conference on Artificial Intelligence
               and Eleventh Conference on Innovative Applications of Artificial Intelligence,
               July 18-22, 1999, Orlando, Florida, {USA.}},
  pages     = {328--334},
  title     = {Relational Learning of Pattern-Match Rules for Information Extraction},
  year      = {1999}
}

@inproceedings{CN09,
  author    = {Benjamin Carle and
               Paliath Narendran},
  booktitle = {LATA},
  pages     = {279--289},
  title     = {On Extended Regular Expressions},
  year      = {2009}
}

@book{compilers,
  author    = {Alfred V. Aho and
               Ravi Sethi and
               Jeffrey D. Ullman},
  bibsource = {dblp computer science bibliography, https://dblp.org},
  biburl    = {https://dblp.org/rec/books/aw/AhoSU86.bib},
  isbn      = {0-201-10088-6},
  publisher = {Addison-Wesley},
  series    = {Addison-Wesley series in computer science / World student series edition},
  timestamp = {Fri, 17 Jul 2020 16:12:45 +0200},
  title     = {Compilers: Principles, Techniques, and Tools},
  url       = {https://www.worldcat.org/oclc/12285707},
  year      = {1986}
}

@article{courcelle2009linear,
  author    = {Courcelle, Bruno},
  journal   = {Discrete Applied Mathematics},
  number    = {12},
  pages     = {2675--2700},
  publisher = {Elsevier},
  title     = {Linear delay enumeration and monadic second-order logic},
  volume    = {157},
  year      = {2009}
}





@misc{cox2007regular,
  author       = {Russ Cox},
  howpublished = {\url{https://swtch.com/~rsc/regexp/regexp1.html}},
  title        = {Regular expression matching can be simple and fast (but is slow in java, perl, php, python, ruby,...)},
  year         = {2007}
}


@misc{CSV,
  author       = {{W3C}},
  howpublished = {\url{http://www.w3.org/2013/csvw/}},
  title        = {{CSV on the Web Working Group}},
  year         = {2013}
}

@misc{CSVData,
  author       = {{W3C}},
  howpublished = {\url{http://www.w3.org/TR/tabular-data-model/}},
  title        = {{Model for Tabular Data and Metadata on the Web}},
  year         = {2015}
}

@misc{CSVMeta,
  author       = {{W3C}},
  howpublished = {\url{http://w3c.github.io/csvw/metadata/}},
  title        = {{Metadata Vocabulary for Tabular Data}},
  year         = {2015}
}

@article{Cunningham02,
  author  = {Hamish Cunningham},
  journal = {Computers and the Humanities},
  number  = {2},
  pages   = {223--254},
  title   = {GATE, a General Architecture for Text Engineering},
  volume  = {36},
  year    = {2002}
}


@article{DBLP:journals/tods/FaginKRV16,
  author    = {Ronald Fagin and
               Benny Kimelfeld and
               Frederick Reiss and
               Stijn Vansummeren},
  bibsource = {dblp computer science bibliography, https://dblp.org},
  biburl    = {https://dblp.org/rec/bib/journals/tods/FaginKRV16},
  doi       = {10.1145/2877202},
  journal   = {{ACM} Trans. Database Syst.},
  number    = {1},
  opturl    = {http://doi.acm.org/10.1145/2877202},
  pages     = {6:1--6:44},
  timestamp = {Tue, 03 Jan 2017 12:13:12 +0100},
  title     = {Declarative Cleaning of Inconsistencies in Information Extraction},
  volume    = {41},
  year      = {2016}
}

@misc{DBPedia,
  author       = {{DBpedia team}},
  howpublished = {\url{http://dbpedia.org}},
  title        = {{DBpedia}},
  year         = {2015}
}

@book{dechter2003constraint,
  author    = {Dechter, Rina and Cohen, David},
  publisher = {Morgan Kaufmann},
  title     = {Constraint processing},
  year      = {2003}
}


@article{DEGV01,
  author  = {Evgeny Dantsin and
             Thomas Eiter and
             Georg Gottlob and
             Andrei Voronkov},
  journal = {{ACM} Comput. Surv.},
  number  = {3},
  pages   = {374--425},
  title   = {Complexity and expressive power of logic programming},
  volume  = {33},
  year    = {2001}
}


\footnote{\url{http://w3c.github.io/csvw/use-cases-and- requirements/Palo_Alto_Trees.csv}}

@article{dennis2003david,
  author  = {Dennis Jr, Glynn and Sherman, Brad T and Hosack, Douglas A and Yang, Jun and Gao, Wei and Lane, H Clifford and Lempicki, Richard A and others},
  journal = {Genome biol},
  number  = {5},
  pages   = {P3},
  title   = {DAVID: database for annotation, visualization, and integrated discovery},
  volume  = {4},
  year    = {2003}
}

@inproceedings{DoleschalKMNN19,
  author    = {Johannes Doleschal and
               Benny Kimelfeld and
               Wim Martens and
               Yoav Nahshon and
               Frank Neven},
  booktitle = {{PODS}},
  pages     = {149--163},
  publisher = {{ACM}},
  title     = {Split-Correctness in Information Extraction},
  year      = {2019}
}

@book{Downey1999,
  author    = {R. G. Downey and M. R. Fellows},
  doi       = {10.1007/978-1-4612-0515-9},
  publisher = {Springer New York},
  title     = {Parameterized Complexity},
  url       = {http://dx.doi.org/10.1007/978-1-4612-0515-9},
  year      = {1999}
}

@inproceedings{driscoll1986making,
  author    = {Driscoll, James R and Sarnak, Neil and Sleator, Daniel Dominic and Tarjan, Robert Endre},
  booktitle = {STOC},
  pages     = {109--121},
  title     = {Making data structures persistent},
  year      = {1986}
}

@article{earlyNFA,
  address    = {New York, NY, USA},
  author     = {Johnson, Walter L. and Porter, James H. and Ackley, Stephanie I. and Ross, Douglas T.},
  issn       = {0001-0782},
  issue_date = {Dec. 1968},
  journal    = {Commun. ACM},
  number     = {12},
  numpages   = {9},
  pages      = {805–813},
  publisher  = {Association for Computing Machinery},
  title      = {Automatic Generation of Efficient Lexical Processors Using Finite State Techniques},
  url        = {https://doi.org/10.1145/364175.364185},
  volume     = {11},
  year       = {1968}
}

@inproceedings{F17,
  author    = {Dominik D. Freydenberger},
  booktitle = {20th International Conference on Database Theory, {ICDT} 2017, March
               21-24, 2017, Venice, Italy},
  pages     = {13:1--13:18},
  title     = {A Logic for Document Spanners},
  year      = {2017}
}

@inproceedings{FaginKRV14,
  author    = {Ronald Fagin and
               Benny Kimelfeld and
               Frederick Reiss and
               Stijn Vansummeren},
  booktitle = {Proceedings of the 33rd {ACM} {SIGMOD-SIGACT-SIGART} Symposium on
               Principles of Database Systems, PODS'14, Snowbird, UT, USA, June 22-27,
               2014},
  pages     = {164--175},
  title     = {Cleaning inconsistencies in information extraction via prioritized
               repairs},
  year      = {2014}
}


@article{FaginKRV15,
  author  = {Ronald Fagin and
             Benny Kimelfeld and
             Frederick Reiss and
             Stijn Vansummeren},
  journal = {J. {ACM}},
  number  = {2},
  pages   = {12:1--12:51},
  title   = {Document Spanners: {A} Formal Approach to Information Extraction},
  volume  = {62},
  year    = {2015}
}

@inproceedings{FKP17,
  author       = {Dominik D. Freydenberger and
                  Benny Kimelfeld and
                  Liat Peterfreund},
  booktitle    = {Proceedings of the 37th {ACM} {SIGMOD-SIGACT-SIGAI} Symposium on Principles
                  of Database Systems, Houston, TX, USA, June 10-15, 2018},
  optbibsource = {dblp computer science bibliography, https://dblp.org},
  optbiburl    = {https://dblp.org/rec/bib/conf/pods/FreydenbergerKP18},
  optcrossref  = {DBLP:conf/pods/2018},
  optdoi       = {10.1145/3196959.3196967},
  opttimestamp = {Wed, 21 Nov 2018 12:44:18 +0100},
  opturl       = {https://doi.org/10.1145/3196959.3196967},
  pages        = {137--149},
  publisher    = {{ACM}},
  title        = {Joining Extractions of Regular Expressions},
  year         = {2018}
}

@inproceedings{FKRV14,
  author    = {Ronald Fagin and
               Benny Kimelfeld and
               Frederick Reiss and
               Stijn Vansummeren},
  booktitle = {PODS},
  pages     = {164--175},
  title     = {Cleaning inconsistencies in information extraction via prioritized
               repairs},
  year      = {2014}
}

@article{FKRV15,
  author  = {Ronald Fagin and
             Benny Kimelfeld and
             Frederick Reiss and
             Stijn Vansummeren},
  journal = {{Journal of the ACM}},
  number  = {2},
  title   = {Document Spanners: A Formal Approach to Information Extraction},
  volume  = {62},
  year    = {2015}
}

@article{FlorenzanoRUVV20,
  author  = {Fernando Florenzano and
             Cristian Riveros and
             Mart{\'{\i}}n Ugarte and
             Stijn Vansummeren and
             Domagoj Vrgoc},
  journal = {{ACM} TODS},
  number  = {1},
  pages   = {3:1--3:42},
  title   = {Efficient Enumeration Algorithms for Regular Document Spanners},
  volume  = {45},
  year    = {2020}
}

@article{FloresFP21,
  author    = {Christopher A. Flores and
               Rosa L. Figueroa and
               Jorge E. Pezoa},
  bibsource = {dblp computer science bibliography, https://dblp.org},
  biburl    = {https://dblp.org/rec/journals/access/FloresFP21.bib},
  journal   = {{IEEE} Access},
  pages     = {38767--38777},
  timestamp = {Tue, 23 Mar 2021 14:12:07 +0100},
  title     = {Active Learning for Biomedical Text Classification Based on Automatically
               Generated Regular Expressions},
  url       = {https://doi.org/10.1109/ACCESS.2021.3064000},
  volume    = {9},
  year      = {2021}
}

@book{FlumG06,
  author    = {J{\"{o}}rg Flum and
               Martin Grohe},
  publisher = {Springer},
  series    = {Texts in Theoretical Computer Science. An {EATCS} Series},
  title     = {Parameterized Complexity Theory},
  year      = {2006}
}

@inproceedings{freydenberger2016document,
  author       = {Freydenberger, Dominik D and Holldack, Mario},
  booktitle    = {LIPIcs-Leibniz International Proceedings in Informatics},
  organization = {Schloss Dagstuhl-Leibniz-Zentrum fuer Informatik},
  title        = {Document Spanners: From Expressive Power to Decision Problems},
  volume       = {48},
  year         = {2016}
}


@book{friedl2006mastering,
  author    = {Friedl, Jeffrey EF},
  publisher = {O'Reilly Media, Inc.},
  title     = {Mastering regular expressions},
  year      = {2006}
}

@inproceedings{FRUVV18,
  author    = {Fernando Florenzano and
               Cristian Riveros and
               Mart{\'{\i}}n Ugarte and
               Stijn Vansummeren and
               Domagoj Vrgoc},
  booktitle = {Proceedings of the 37th {ACM} {SIGMOD-SIGACT-SIGAI} Symposium on Principles
               of Database Systems, Houston, TX, USA, June 10-15, 2018},
  pages     = {165--177},
  title     = {Constant Delay Algorithms for Regular Document Spanners},
  year      = {2018}
}

@article{GB11,
  author    = {Floris Geerts and
               Jan Van den Bussche},
  bibsource = {dblp computer science bibliography, http://dblp.org},
  biburl    = {http://dblp.uni-trier.de/rec/bib/journals/jcss/GeertsB11},
  doi       = {10.1016/j.jcss.2010.04.007},
  journal   = {J. Comput. Syst. Sci.},
  number    = {3},
  pages     = {491--504},
  timestamp = {Fri, 08 Apr 2011 12:17:14 +0200},
  title     = {Relational completeness of query languages for annotated databases},
  url       = {http://dx.doi.org/10.1016/j.jcss.2010.04.007},
  volume    = {77},
  year      = {2011}
}

@book{GJ79,
  author    = {M. R. Garey and
               David S. Johnson},
  publisher = {W. H. Freeman},
  title     = {Computers and Intractability: {A} Guide to the Theory of NP-Completeness},
  year      = {1979}
}

@article{Gonzalo,
  author    = {Gonzalo Navarro and
               Mathieu Raffinot},
  bibsource = {dblp computer science bibliography, https://dblp.org},
  biburl    = {https://dblp.org/rec/journals/algorithmica/NavarroR04.bib},
  journal   = {Algorithmica},
  number    = {2},
  pages     = {89--116},
  timestamp = {Tue, 13 Jun 2017 11:38:52 +0200},
  title     = {New Techniques for Regular Expression Searching},
  url       = {https://doi.org/10.1007/s00453-004-1120-3},
  volume    = {41},
  year      = {2005}
}

@article{gottlob2004monadic,
  author    = {Gottlob, Georg and Koch, Christoph},
  journal   = {Journal of the ACM (JACM)},
  number    = {1},
  pages     = {74--113},
  publisher = {ACM},
  title     = {Monadic datalog and the expressive power of languages for web information extraction},
  volume    = {51},
  year      = {2004}
}

@misc{grep,
  title = {PCREgrep -- A grep program that uses the PCRE regular expression library},
  url   = {https://github.com/vmg/pcre/blob/master/pcregrep.c/},
  year  = {2014}
}

@book{HopcroftU79,
  author    = {John E. Hopcroft and
               Jeffrey D. Ullman},
  bibsource = {dblp computer science bibliography, http://dblp.org},
  biburl    = {http://dblp.uni-trier.de/rec/bib/books/aw/HopcroftU79},
  isbn      = {0-201-02988-X},
  publisher = {Addison-Wesley},
  timestamp = {Thu, 03 Jan 2002 11:51:07 +0100},
  title     = {Introduction to Automata Theory, Languages and Computation},
  year      = {1979}
}

@inproceedings{IdrisUV-sigmod17,
  author    = {Muhammad Idris and
               Mart{\'{\i}}n Ugarte and
               Stijn Vansummeren},
  booktitle = {{SIGMOD}},
  pages     = {1259--1274},
  publisher = {{ACM}},
  title     = {The Dynamic {Yannakakis} Algorithm: Compact and Efficient Query Processing
               Under Updates},
  year      = {2017}
}

@article{IdrisUVVL-vldbj20,
  author  = {Muhammad Idris and
             Mart{\'{\i}}n Ugarte and
             Stijn Vansummeren and
             Hannes Voigt and
             Wolfgang Lehner},
  journal = {{VLDB} J.},
  number  = {2-3},
  pages   = {619--653},
  title   = {General dynamic {Yannakakis}: {Conjunctive} queries with theta joins under
             updates},
  volume  = {29},
  year    = {2020}
}

@article{Immerman88,
  author  = {Neil Immerman},
  doi     = {10.1137/0217058},
  eprint  = { 
             http://dx.doi.org/10.1137/0217058
             },
  journal = {SIAM Journal on Computing},
  number  = {5},
  pages   = {935-938},
  title   = {Nondeterministic Space is Closed under Complementation},
  url     = { 
             http://dx.doi.org/10.1137/0217058
             
             },
  volume  = {17},
  year    = {1988}
}

@phdthesis{instaread,
  author = {R. Hoffmann},
  school = {University of
            Washington},
  title  = {Interactive Learning of Relation Extractors
            with Weak Supervision},
  year   = {2012}
}

@article{johnson1988generating,
  author    = {Johnson, David S and Yannakakis, Mihalis and Papadimitriou, Christos H},
  journal   = {Information Processing Letters},
  number    = {3},
  pages     = {119--123},
  publisher = {Elsevier},
  title     = {On generating all maximal independent sets},
  volume    = {27},
  year      = {1988}
}

@article{kazana2013enumeration,
  author    = {Kazana, Wojciech and Segoufin, Luc},
  journal   = {ACM Transactions on Computational Logic (TOCL)},
  number    = {4},
  pages     = {25},
  publisher = {ACM},
  title     = {Enumeration of monadic second-order queries on trees},
  volume    = {14},
  year      = {2013}
}



@inproceedings{Kimelfeld14,
  author    = {Benny Kimelfeld},
  booktitle = {Proceedings of the 33rd {ACM} {SIGMOD-SIGACT-SIGART} Symposium on
               Principles of Database Systems, PODS'14, Snowbird, UT, USA, June 22-27,
               2014},
  pages     = {156--163},
  title     = {Database principles in information extraction},
  year      = {2014}
}

@article{KLRRVZ08,
  author  = {Rajasekar Krishnamurthy and
             Yunyao Li and
             Sriram Raghavan and
             Frederick Reiss and
             Shivakumar Vaithyanathan and
             Huaiyu Zhu},
  journal = {{SIGMOD} Record},
  number  = {4},
  pages   = {7--13},
  title   = {SystemT: a system for declarative information extraction},
  volume  = {37},
  year    = {2008}
}

@misc{Land,
  author       = {{HM Government Land Registry}},
  howpublished = {\url{https://www.gov.uk/government/collections/price-paid-data}},
  title        = {{Price Paid Data}},
  year         = {2015}
}

@inproceedings{lenzerini2002data,
  author       = {Lenzerini, Maurizio},
  booktitle    = {Proceedings of the twenty-first ACM SIGMOD-SIGACT-SIGART symposium on Principles of database systems},
  organization = {ACM},
  pages        = {233--246},
  title        = {Data integration: A theoretical perspective},
  year         = {2002}
}



@article{lit1,
  author    = {Krzysztof Dorosz and
               Anna Szczerbinska},
  bibsource = {dblp computer science bibliography, https://dblp.org},
  biburl    = {https://dblp.org/rec/journals/aghcs/DoroszS09.bib},
  doi       = {10.7494/csci.2009.10.3.19},
  journal   = {Comput. Sci.},
  pages     = {19--36},
  timestamp = {Thu, 16 Jul 2020 16:39:39 +0200},
  title     = {Enhancing Regular Expressions for {Polish} Text Processing},
  url       = {https://doi.org/10.7494/csci.2009.10.3.19},
  volume    = {10},
  year      = {2009}
}


@article{LOGC,
  author    = {{\'A}lvarez, Carme and Jenner, Birgit},
  journal   = {Theoretical Computer Science},
  number    = {1},
  pages     = {3--30},
  publisher = {Elsevier},
  title     = {A very hard log-space counting class},
  volume    = {107},
  year      = {1993}
}

@inproceedings{LosemannM-lics14,
  author    = {Katja Losemann and
               Wim Martens},
  booktitle = {Joint Meeting of {CSL} and {LICS}},
  pages     = {67:1--67:10},
  publisher = {{ACM}},
  title     = {{MSO} queries on trees: {Enumerating} answers under updates},
  year      = {2014}
}

@misc{LSQ,
  author       = {{The LSQ team}},
  howpublished = {\url{http://aksw.github.io/LSQ/}},
  title        = {{The Linked SPARQL Queries Dataset}},
  year         = {2015}
}

@article{martens2009complexity,
  author    = {Martens, Wim and Neven, Frank and Schwentick, Thomas},
  journal   = {SIAM Journal on Computing},
  number    = {4},
  pages     = {1486--1530},
  publisher = {SIAM},
  title     = {Complexity of decision problems for XML schemas and chain regular expressions},
  volume    = {39},
  year      = {2009}
}

@article{martens2014sculpt,
  author  = {Martens, Wim and Neven, Frank and Vansummeren, Stijn},
  journal = {arXiv preprint arXiv:1411.2351},
  title   = {SCULPT: A Schema Language for Tabular Data on the Web},
  year    = {2014}
}


@inproceedings{MaturanaRV17,
  author       = {Francisco Maturana and
                  Cristian Riveros and
                  Domagoj Vrgoc},
  booktitle    = {{SIGMOD-SIGACT-SIGAI}},
  optbibsource = {dblp computer science bibliography, https://dblp.org},
  optbiburl    = {https://dblp.org/rec/bib/conf/pods/MaturanaRV18},
  optcrossref  = {DBLP:conf/pods/2018},
  optdoi       = {10.1145/3196959.3196968},
  opttimestamp = {Wed, 21 Nov 2018 12:44:18 +0100},
  opturl       = {https://doi.org/10.1145/3196959.3196968},
  pages        = {125--136},
  publisher    = {{ACM}},
  title        = {Document Spanners for Extracting Incomplete Information: Expressiveness
                  and Complexity},
  year         = 2018
}

@inproceedings{melnik2003rondo,
  author       = {Melnik, Sergey and Rahm, Erhard and Bernstein, Philip A},
  booktitle    = {ACM SIGMOD},
  organization = {ACM},
  pages        = {193--204},
  title        = {Rondo: A programming platform for generic model management},
  year         = {2003}
}




@article{Morciano17,
  author  = {Morciano, Andrea},
  journal = {Master Thesis, Universit\'e Libre de Bruxelles and Politecnico di Milano},
  title   = {{Engineering a Runtime System for AQL}},
  year    = {2017}
}


@article{MorcianoUV16,
  author  = {Morciano, Andrea and Ugarte, Mart\'in and Vansummeren, Stijn},
  journal = {Technical report, Universit\'e Libre de Bruxelles},
  title   = {{Automata-based evaluation of AQL queries}},
  year    = {2016}
}


@book{morphemes,
  author    = {Martin Haspelmath, Andrea D. Sims},
  publisher = {Hodder Education},
  series    = {ISBN 978-0-340-95001-2. OCLC 671004133},
  title     = {Understanding Morphology},
  year      = {2010}
}

@inproceedings{MunozR22,
  author    = {Martin Mu{\~{n}}oz and
               Cristian Riveros},
  bibsource = {dblp computer science bibliography, https://dblp.org},
  biburl    = {https://dblp.org/rec/conf/icdt/MunozR22.bib},
  booktitle = {{ICDT}},
  pages     = {19:1--19:18},
  timestamp = {Mon, 21 Mar 2022 21:47:02 +0100},
  title     = {Streaming Enumeration on Nested Documents},
  url       = {https://doi.org/10.4230/LIPIcs.ICDT.2022.19},
  year      = {2022}
}

@misc{oniguruma,
  title = {Oniguruma -- a modern and flexible regular expressions library},
  url   = {https://github.com/kkos/oniguruma},
  year  = {2022}
}

@misc{ONS,
  author       = {{Office for National Statistics}},
  howpublished = {\url{http://www.ons.gov.uk/ons/data/web/explorer}},
  title        = {{ONS Data Explorer}},
  year         = {2015}
}

@misc{overlap1,
  title   = {How to find overlapping matches with a regexp?},
  url     = {https://stackoverflow.com/questions/11430863/how-to-find-overlapping-matches-with-a-regexp},
  urldate = {2023-05-04},
  year    = {2013}
}

@misc{overlap2,
  title   = {How can I match overlapping strings with regex?},
  url     = {https://stackoverflow.com/questions/20833295/how-can-i-match-overlapping-strings-with-regex/33903830},
  urldate = {2023-05-04},
  year    = {2014}
}

@book{overlap3,
  author    = {Anubhava Srivastava},
  month     = {7},
  note      = {\url{https://www.oreilly.com/library/view/java-9-regular/9781787288706/}},
  publisher = {Packt Publishing},
  title     = {Java 9 Regular Expressions},
  year      = {2017}
}


@misc{PA,
  author       = {{The City of Palo Alto, California Urban Forest Section}},
  howpublished = {\url{http://w3c.github.io/csvw/use-cases-and- requirements/Palo_Alto_Trees.csv}},
  title        = {{Palo Alto tree data}},
  year         = {2015}
}

@article{PAG09,
  author  = {Jorge P{\'{e}}rez and
             Marcelo Arenas and
             Claudio Gutierrez},
  journal = {{ACM} Trans. Database Syst.},
  number  = {3},
  title   = {Semantics and complexity of {SPARQL}},
  volume  = {34},
  year    = {2009}
}

@book{papadimitriou1993computational,
  author    = {Papadimitriou, Christos H.},
  publisher = {Addison-Wesley},
  title     = {Computational complexity},
  year      = {1993}
}


@misc{pcre,
  title = {PCRE -- Perl Compatible Regular Expressions},
  url   = {https://www.pcre.org/},
  year  = {2022}
}

@misc{pcre2,
  title = {PCRE2 -- Perl-Compatible Regular Expressions},
  url   = {https://github.com/PCRE2Project/pcre2},
  year  = {2022}
}

@misc{PLOS,
  author       = {{Public Library of Science}},
  howpublished = {\url{https://lucene.apache.org/solr/}},
  title        = {{Solr index search engine}},
  year         = {2015}
}

@misc{posix,
  author       = {IEEE and {The Open Group}},
  howpublished = {\url{https://pubs.opengroup.org/onlinepubs/9699919799/basedefs/V1_chap09.html}},
  title        = {
                  Open Group Standard
                  Vol. 1: Base Definitions, Issue 7, Chapter 9
                  },
  year         = {2018}
}

@article{PRE,
  author  = {Holger Petersen},
  journal = {CoRR},
  title   = {On Practical Regular Expressions},
  url     = {http://arxiv.org/abs/1408.1258},
  volume  = {abs/1408.1258},
  year    = {2014}
}


@misc{prosite,
  author       = {{The Swiss-Prot group}},
  howpublished = {\url{https://ftp.expasy.org/databases/prosite/prosite.dat}},
  key          = {The Swiss-Prot group},
  title        = {The {PROSITE} database},
  year         = {2022}
}	


@article{prosser1993hybrid,
  author    = {Prosser, Patrick},
  journal   = {Computational intelligence},
  number    = {3},
  pages     = {268--299},
  publisher = {Wiley Online Library},
  title     = {Hybrid algorithms for the constraint satisfaction problem},
  volume    = {9},
  year      = {1993}
}	

@misc{re2,
  title = {RE2 regular expression library},
  url   = {https://github.com/google/re2},
  year  = {2022}
}	

@misc{REPO,
  howpublished = {https://github.com/REmatchChile/REmatch-paper},
  note         = {Accessed on 2023-02-01},
  title        = {REmatch Website}
}


@article{SchweikardtSV-jacm22,
  author    = {Nicole Schweikardt and
               Luc Segoufin and
               Alexandre Vigny},
  bibsource = {dblp computer science bibliography, https://dblp.org},
  biburl    = {https://dblp.org/rec/journals/jacm/SchweikardtSV22.bib},
  journal   = {J. {ACM}},
  number    = {3},
  pages     = {22:1--22:37},
  timestamp = {Thu, 07 Jul 2022 16:41:29 +0200},
  title     = {Enumeration for {FO} Queries over Nowhere Dense Graphs},
  url       = {https://doi.org/10.1145/3517035},
  volume    = {69},
  year      = {2022}
}


@inproceedings{SCULPT,
  author    = {Martens, Wim and Neven, Frank and Vansummeren, Stijn},
  booktitle = {WWW},
  title     = {{SCULPT: A Schema Language for Tabular Data on the Web}},
  year      = {2015}
}

@inproceedings{SDNR07,
  author       = {Warren Shen and
                  AnHai Doan and
                  Jeffrey F. Naughton and
                  Raghu Ramakrishnan},
  booktitle    = {Proceedings of the 33rd International Conference on Very Large Data
                  Bases, University of Vienna, Austria, September 23-27, 2007},
  optbibsource = {dblp computer science bibliography, https://dblp.org},
  optbiburl    = {https://dblp.org/rec/bib/conf/vldb/ShenDNR07},
  optcrossref  = {DBLP:conf/vldb/2007},
  opttimestamp = {Thu, 03 Mar 2016 17:54:19 +0100},
  opturl       = {http://www.vldb.org/conf/2007/papers/research/p1033-shen.pdf},
  pages        = {1033--1044},
  title        = {Declarative Information Extraction Using Datalog with Embedded Extraction
                  Predicates},
  year         = {2007}
}

@inproceedings{Segoufin13,
  author    = {Luc Segoufin},
  booktitle = {Joint{EDBT/ICDT} Conferences},
  pages     = {10--20},
  title     = {Enumerating with constant delay the answers to a query},
  year      = {2013}
}

@article{Segoufin15,
  author  = {Luc Segoufin},
  journal = {{SIGMOD} Record},
  number  = {1},
  pages   = {10--17},
  title   = {Constant Delay Enumeration for Conjunctive Queries},
  volume  = {44},
  year    = {2015}
}

@inproceedings{segoufin2014glimpse,
  author    = {Segoufin, Luc},
  booktitle = {31st International Symposium on Theoretical Aspects of Computer Science (STACS 2014), STACS 2014, March 5-8, 2014, Lyon, France},
  pages     = {13--27},
  title     = {A glimpse on constant delay enumeration},
  year      = {2014}
}

@article{Soderland99,
  author  = {Stephen Soderland},
  journal = {Machine Learning},
  number  = {1-3},
  pages   = {233--272},
  title   = {Learning Information Extraction Rules for Semi-Structured and Free
             Text},
  volume  = {34},
  year    = {1999}
}

@misc{sparql11,
  howpublished = {\url{https://www.w3.org/TR/sparql11-query/}},
  key          = {W3C Sparql},
  note         = {World Wide Web Consortium},
  title        = {{SPARQL} 1.1 Query Language},
  year         = {2013}
}

@inproceedings{stockmeyer1973word,
  author       = {Stockmeyer, Larry J and Meyer, Albert R},
  booktitle    = {Proceedings of the fifth annual ACM symposium on Theory of computing},
  organization = {ACM},
  pages        = {1--9},
  title        = {Word problems requiring exponential time (Preliminary Report)},
  year         = {1973}
}

@article{Tarjan72,
  author  = {Robert Tarjan},
  doi     = {10.1137/0201010},
  eprint  = {http://dx.doi.org/10.1137/0201010},
  journal = {SIAM Journal on Computing},
  number  = {2},
  pages   = {146-160},
  title   = {Depth-First Search and Linear Graph Algorithms},
  url     = {http://dx.doi.org/10.1137/0201010},
  volume  = {1},
  year    = {1972}
}

@article{thompson1968programming,
  author    = {Thompson, Ken},
  journal   = {ACM},
  number    = {6},
  pages     = {419--422},
  publisher = {ACM New York, NY, USA},
  title     = {Programming techniques: Regular expression search algorithm},
  volume    = {11},
  year      = {1968}
}

@article{threshold-pvldb22,
  author  = {Angela Bonifati and
             Stefania Dumbrava and
             George Fletcher and
             Jan Hidders and
             Matthias Hofer and
             Wim Martens and
             Filip Murlak and
             Joshua Shinavier and
             Slawek Staworko and
             Dominik Tomaszuk},
  journal = {Proc. {VLDB} Endow.},
  number  = {5},
  pages   = {1105--1118},
  title   = {Threshold Queries in Theory and in the Wild},
  volume  = {15},
  year    = {2022}
}

@misc{tre,
  title = {TRE -- a lightweight, robust, and efficient POSIX compliant regexp matching library},
  url   = {https://github.com/laurikari/tre},
  year  = {2021}
}

@article{TziavelisAGRY-pvldb20,
  author  = {Nikolaos Tziavelis and
             Deepak Ajwani and
             Wolfgang Gatterbauer and
             Mirek Riedewald and
             Xiaofeng Yang},
  journal = {Proc. {VLDB} Endow.},
  number  = {9},
  pages   = {1582--1597},
  title   = {Optimal Algorithms for Ranked Enumeration of Answers to Full Conjunctive
             Queries},
  volume  = {13},
  year    = {2020}
}
  
  
@article{valiant1979complexity,
  author    = {Valiant, Leslie G},
  journal   = {SIAM Journal on Computing},
  number    = {3},
  pages     = {410--421},
  publisher = {SIAM},
  title     = {The complexity of enumeration and reliability problems},
  volume    = {8},
  year      = {1979}
}

@article{Vansummeren06,
  author  = {Stijn Vansummeren},
  journal = {{ACM} Trans. Program. Lang. Syst.},
  number  = {3},
  pages   = {389--428},
  title   = {Type inference for unique pattern matching},
  volume  = {28},
  year    = {2006}
}

@misc{W3Cmodel,
  author       = {{W3C}},
  howpublished = {http://www.w3.org/TR/2014/WD-tabular-data-model-20140710/},
  month        = {July},
  title        = {{Model for Tabular Data and Metadata on the Web}},
  year         = {2014}
}

@misc{W3Cusecases,
  author       = {{W3C}},
  howpublished = {\url{http://w3c.github.io/csvw/use-cases-and-requirements/}},
  month        = {December},
  title        = {{CSV on the Web: Use Cases and Requirements, Editor's Draft}},
  year         = {2014}
}

@misc{WorldBank,
  author       = {{World Bank}},
  howpublished = {\url{http://data.worldbank.org/
                  }},
  title        = {{Data Records}},
  year         = {2015}
}

@misc{wrapper,
  howpublished = {\url{https://github.com/jpcre2/jpcre2}},
  title        = {JPCRE2 C++ wrapper for PCRE2 library},
  year         = {2022}
}

